@book{Goodfellow2016,
author = {Goodfellow, Ian and Bengio, Yoshua and Courville, Aaron},
publisher = {MIT Press},
title = {{Deep Learning}},
year = {2016}
}

@article{FernandezCaballero2016,
author = {Fern{\'{a}}ndez-Caballero, Antonio and Mart{\'{i}}nez-Rodrigo, Arturo and Pastor, Jos{\'{e}} Manuel and Castillo, Jos{\'{e}} Carlos and Lozano-Monasor, Elena and L{\'{o}}pez, Mar{\'{i}}a T and Zangr{\'{o}}niz, Roberto and Latorre, Jos{\'{e}} Miguel and Fern{\'{a}}ndez-Sotos, Alicia},
doi = {https://doi.org/10.1016/j.jbi.2016.09.015},
issn = {1532-0464},
journal = {Journal of Biomedical Informatics},
keywords = {Ambient intelligence,Emotion detection,Emotion regulation,Health environment,Smart environment},
number = {Supplement C},
pages = {55--73},
title = {{Smart environment architecture for emotion detection and regulation}},
url = {http://www.sciencedirect.com/science/article/pii/S1532046416301289},
volume = {64},
year = {2016}
}